@article{florea2009piecewise,
  title={Piecewise linear approximation of logarithmic image processing models for dynamic range enhancement},
  author={Florea, Corneliu and Vertan, Constantin},
  journal={University” Politehnica” of Bucharest Scientific Bulletin, Series C: Electrical Engineering},
  volume={71},
  number={2},
  pages={3--14},
  year={2009}
}

@article{jourlin1988model,
  title={A model for logarithmic image processing},
  author={Jourlin, Michel and Pinoli, Jean-Charles},
  journal={Journal of microscopy},
  volume={149},
  number={1},
  pages={21--35},
  year={1988},
  publisher={Wiley Online Library}
}

@inproceedings{vertan2008pseudo,
  title={A pseudo-logarithmic image processing framework for edge detection},
  author={Vertan, Constantin and Oprea, Alina and Florea, Corneliu and Florea, Laura},
  booktitle={International Conference on Advanced Concepts for Intelligent Vision Systems},
  pages={637--644},
  year={2008},
  organization={Springer}
}

@book{jourlin2016logarithmic,
  title={Logarithmic image processing: theory and applications},
  author={Jourlin, Michel},
  year={2016},
  publisher={Elsevier/Academic Press}
}

@article{patrascu2014mathematical,
  title={A mathematical model for logarithmic image processing},
  author={Patrascu, Vasile and Buzuloiu, Vasile},
  journal={arXiv preprint arXiv:1412.5328},
  year={2014}
}

@article{navarro2013symmetric,
  title={The symmetric logarithmic image processing model},
  author={Navarro, Laurent and Deng, Guang and Courbebaisse, Guy},
  journal={Digital Signal Processing},
  volume={23},
  number={5},
  pages={1337--1343},
  year={2013},
  publisher={Elsevier}
}

@article{patrascu2003gray,
  title={Gray level image processing using algebraic structures},
  author={Patrascu, Vasile},
  journal={structure},
  volume={6},
  pages={7},
  year={2003}
}

@article{panetta2010parameterized,
  title={Parameterized logarithmic framework for image enhancement},
  author={Panetta, Karen and Agaian, Sos and Zhou, Yicong and Wharton, Eric J},
  journal={IEEE Transactions on Systems, Man, and Cybernetics, Part B (Cybernetics)},
  volume={41},
  number={2},
  pages={460--473},
  year={2010},
  publisher={IEEE}
}

@article{panetta2007parameterization,
  title={Parameterization of logarithmic image processing models},
  author={Panetta, Karen and Wharton, Eric and Agaian, Sos},
  journal={IEEE Tran. Systems, Man, and Cybernetics, Part A: Systems and Humans},
  pages={1--12},
  year={2007},
  publisher={Citeseer}
}

@inproceedings{agaian2000new,
  title={A new measure of image enhancement},
  author={Agaian, Sos S and Panetta, Karen and Grigoryan, Artyom M},
  booktitle={IASTED International Conference on Signal Processing \& Communication},
  pages={19--22},
  year={2000},
  organization={Citeseer}
}

@article{barker1981theory,
  title={Theory of cones},
  author={Barker, George Phillip},
  journal={Linear Algebra and its Applications},
  volume={39},
  pages={263--291},
  year={1981},
  publisher={Elsevier}
}

@online{image_data_types_and_what_they_mean, 
title={Image data types and what they mean}, 
url={https://tonysyu.github.io/scikit-image/user_guide/data_types.html}, 
journal={Image data types and what they mean - skimage v0.6dev docs},
urldate={2022-10-10}} 

@online{histogram_equalization, 
title={Histogram equalization},
url={https://scikit-image.org/docs/stable/auto_examples/color_exposure/plot_equalize.html}, 
journal={Histogram Equalization - skimage v0.19.2 docs},
urldate={2022-11-02}} 

@article{scikit-image,
    title = {scikit-image: image processing in Python},
    author = {van der Walt, Stéfan and Schönberger, Johannes L. and
              Nunez-Iglesias, Juan and Boulogne, François and
              Warner, Joshua D. and Yager, Neil and Gouillart, Emmanuelle and
              Yu, Tony and the scikit-image contributors},
    year = {2014},
    month = {jun},
    keywords = {Image processing, Reproducible research, Education,
                Visualization, Open source, Python, Scientific programming},
    abstract = {scikit-image is an image processing library that implements
                algorithms and utilities for use in research, education and
                industry applications. It is released under the liberal
                Modified BSD open source license, provides a well-documented
                API in the Python programming language, and is developed by
                an active, international team of collaborators. In this paper
                we highlight the advantages of open source to achieve the
                goals of the scikit-image library, and we showcase several
                real-world image processing applications that use scikit-image.
                More information can be found on the project homepage,
                http://scikit-image.org.},
    volume = {2},
    pages = {e453},
    journal = {PeerJ},
    issn = {2167-8359},
    url = {https://doi.org/10.7717/peerj.453},
    doi = {10.7717/peerj.453}
}

@online{module_exposure, 
title={Module: Exposure},
url={https://scikit-image.org/docs/stable/api/skimage.exposure.html}, 
journal={Module: exposure - skimage v0.19.2 docs},
urldate={2022-11-02}} 

@online{module_filters, 
title={Module: Filters},
url={https://scikit-image.org/docs/stable/api/skimage.filters.html}, 
journal={Module: filters - skimage v0.19.2 docs},
urldate={2022-10-20}}

@article{oppenheim1965superposition,
  title={Superposition in a class of nonlinear systems.},
  author={Oppenheim, Alan V},
  year={1965},
  publisher={MIT Research Laboratory of Electronics}
}

@phdthesis{patrascu2001modele,
  title={Modele matematice pentru prelucrarea logaritmica a imaginilor},
  author={Patrascu, V},
  year={2001},
  school={PhD Thesis, Universitatea “Politehnica” din Bucure{\c{s}}ti}
}

@incollection{puatracscu2003fuzzy,
  title={Fuzzy image enhancement in the framework of logarithmic models},
  author={P{\u{a}}tra{\c{s}}cu, Vasile and Buzuloiu, Vasile and Vertan, Constantin},
  booktitle={Fuzzy Filters for Image Processing},
  pages={219--237},
  year={2003},
  publisher={Springer}
}

@article{florea2008use,
  title={On the use of logarithmic image processing models in total hip prostheses x-ray visualization and analysis},
  author={Florea, C and Vertan, C and Florea, L and Oprea, A},
  journal={Medical Image Understanding and Analysis, Dundee, United Kingdom},
  pages={127--131},
  year={2008}
}

@article{deng1995study,
  title={The study of logarithmic image processing model and its application to image enhancement},
  author={Deng, G and Cahill, LW and Tobin, GR},
  journal={IEEE transactions on image processing},
  volume={4},
  number={4},
  pages={506--512},
  year={1995},
  publisher={IEEE}
}

@article{lecun1998gradient,
  title={Gradient-based learning applied to document recognition},
  author={LeCun, Yann and Bottou, L{\'e}on and Bengio, Yoshua and Haffner, Patrick},
  journal={Proceedings of the IEEE},
  volume={86},
  number={11},
  pages={2278--2324},
  year={1998},
  publisher={Ieee}
}

@online{coco,
title={Common objects in context}, 
url={https://cocodataset.org/#download}, 
journal={COCO},
urldate={2022-09-10},
year={2020}} 

@article{chestxrays,
title= {Indiana University - Chest X-Rays (PNG Images)},
keywords= {radiology, chest x-ray},
author= {OpenI},
abstract= {1000 radiology reports for the chest x-ray images from the Indiana University hospital network.

To identify images associated with the reports, use XML tag. More than one image could be associated with a report)

https://i.imgur.com/5uR5snH.png},
terms= {},
license= {Creative Commons Attribution-NonCommercial-NoDerivatives 4.0 International License},
superseded= {},
url= {https://openi.nlm.nih.gov/faq.php},
urldate={2022-10-15}
}